<record><leader>00000cas a22000007a 4500</leader><controlfield tag="001">19106571</controlfield><controlfield tag="008">890206d185u1861lauwr ne      0    0eng d</controlfield><datafield ind1=" " ind2=" " tag="010"><subfield code="a">sn 89059023 </subfield></datafield><datafield ind1=" " ind2=" " tag="040"><subfield code="a">LNP</subfield><subfield code="b">eng</subfield><subfield code="c">LNP</subfield><subfield code="d">OCL</subfield><subfield code="d">OCLCQ</subfield><subfield code="d">OCLCF</subfield><subfield code="d">OCLCO</subfield></datafield><datafield ind1="1" ind2=" " tag="029"><subfield code="a">AU@</subfield><subfield code="b">000020224362</subfield></datafield><datafield ind1=" " ind2=" " tag="042"><subfield code="a">msc</subfield></datafield><datafield ind1=" " ind2=" " tag="043"><subfield code="a">n-us-la</subfield></datafield><datafield ind1="0" ind2="4" tag="245"><subfield code="a">The Ph&#339;nix ledger.</subfield></datafield><datafield ind1="1" ind2="3" tag="246"><subfield code="a">Bayou Sara Ph&#339;nix ledger</subfield></datafield><datafield ind1=" " ind2=" " tag="260"><subfield code="a">Bayou Sara, La. :</subfield><subfield code="b">DeWitt C. Jones</subfield></datafield><datafield ind1=" " ind2=" " tag="300"><subfield code="a">v.</subfield></datafield><datafield ind1=" " ind2=" " tag="310"><subfield code="a">Weekly</subfield></datafield><datafield ind1="1" ind2=" " tag="362"><subfield code="a">Ceased in 1861?</subfield></datafield><datafield ind1=" " ind2=" " tag="588"><subfield code="a">Description based on: Vol. 16, no. 6 (Jan. 16, 1858).</subfield></datafield><datafield ind1=" " ind2="0" tag="651"><subfield code="a">Bayou Sara (La.)</subfield><subfield code="v">Newspapers.</subfield></datafield><datafield ind1=" " ind2="7" tag="655"><subfield code="a">Newspapers.</subfield><subfield code="2">fast</subfield><subfield code="0">(OCoLC)fst01423814</subfield></datafield><datafield ind1=" " ind2="7" tag="651"><subfield code="a">Louisiana</subfield><subfield code="z">Bayou Sara.</subfield><subfield code="2">fast</subfield><subfield code="0">(OCoLC)fst01297040</subfield></datafield><datafield ind1=" " ind2=" " tag="752"><subfield code="a">United States</subfield><subfield code="b">Louisiana</subfield><subfield code="c">West Feliciana</subfield><subfield code="d">Bayou Sara.</subfield></datafield><datafield ind1="0" ind2="4" tag="780"><subfield code="t">Phenix, and St. Francisville and Bayou Sara advertiser</subfield><subfield code="w">(DLC)sn 89059022</subfield></datafield><datafield ind1="0" ind2="4" tag="780"><subfield code="t">Bayou Sara ledger</subfield><subfield code="w">(DLC)sn 82015381</subfield></datafield><datafield ind1="0" ind2="0" tag="785"><subfield code="t">Bayou Sara ledger (Bayou Sara, La. : 1861)</subfield><subfield code="w">(DLC)sn 89059026</subfield></datafield></record>